% Encoding: UTF-8

@InProceedings{Capasso1978,
  author    = {Capasso, Vincenco and Serio, Gabriella},
  title     = {A generalization of the Kermack-{McKendrick} deterministic epidemic model},
  booktitle = {Mathematical Biosciences},
  year      = {1978},
  volume    = {42},
  number    = {1-2},
  pages     = {43--61},
  month     = {nov},
  publisher = {Elsevier {BV}},
  doi       = {10.1016/0025-5564(78)90006-8},
  file      = {:C\:\\Users\\steff\\Git\\WS1617-Masterarbeit\\Literatur\\CapassoEtAl_AGeneralizationOfTheKermack-McKendrickDeterministicEpidemicModel.pdf:PDF},
  journal   = {Mathematical Biosciences},
  url       = {http://dx.doi.org/10.1016/0025-5564(78)90006-8},
}

@Article{Fisman2014,
  author  = {Fisman, David and Khoo, Edwin and Tuite, Ashleigh},
  title   = {Early Epidemic Dynamics of the West African 2014 Ebola Outbreak: Estimates Derived with a Simple TwoÂ­Parameter Model},
  journal = {PLOS Currents Outbreaks},
  year    = {2014},
  month   = {September},
  doi     = {10.1371/currents.outbreaks.89c0d3783f36958d96ebbae97348d571},
  file    = {:C\:\\Users\\steff\\Git\\WS1617-Masterarbeit\\Literatur\\Fisman_EarlyEpidemicDynamicsOfTheWestAfrican2014EbolaOutbreak.pdf:PDF},
}

@Article{Gao2006,
  author  = {Gao, Shujing and Chen, Lansun and Nieto, Juan J. and Torres, Angela},
  title   = {Analysis of a delayed epidemic model with pulse vaccination and saturation incidence},
  journal = {Elsevier Ltd.},
  year    = {2006},
  month   = {May},
  doi     = {10.1016/j.vaccine.2006.05.018},
  file    = {:C\:\\Users\\steff\\Git\\WS1617-Masterarbeit\\Literatur\\Gao_AnalysisOfADelayedEpidemicModelWithPulseVaccinationAndSaturationIncidence.pdf:PDF},
}

@Article{Legrand2006,
  author  = {Legrand, J.. and Grais, R. F. and Valleron, A. J. and Flahault A.},
  title   = {Understanding the dynamics of Ebola epidemics},
  journal = {Epidemiol. Infect.},
  year    = {2006},
  number  = {135},
  pages   = {610-621},
  month   = {September},
  doi     = {10.1017/S0950268806007217},
  file    = {:C\:\\Users\\steff\\Git\\WS1617-Masterarbeit\\Literatur\\Legrand_UnderstandingTheDynamicsOfEbolaEpidemics.pdf:PDF},
}

@Comment{jabref-meta: databaseType:bibtex;}
